[gd_scene load_steps=6 format=3 uid="uid://c35mo3oroqdxb"]

[ext_resource type="Script" path="res://src/ui/MainMenu.gd" id="1_ueomy"]
[ext_resource type="Script" path="res://src/ui/GUIButton.gd" id="2_0ah57"]
[ext_resource type="PackedScene" uid="uid://du6c8idqp1oki" path="res://src/ui/CharacterCustomisation.tscn" id="2_y6dgg"]
[ext_resource type="AudioStream" uid="uid://csfpne551x5th" path="res://assets/audio/music/Ludum Dare 38 - Track 3.wav" id="3_i166s"]

[sub_resource type="StyleBoxFlat" id="StyleBoxFlat_uhwut"]
bg_color = Color(0.27451, 0.498039, 0.435294, 1)

[node name="MainMenu" type="CanvasLayer"]
process_mode = 3
layer = 0
script = ExtResource("1_ueomy")

[node name="Panel" type="Panel" parent="."]
anchors_preset = 15
anchor_right = 1.0
anchor_bottom = 1.0
grow_horizontal = 2
grow_vertical = 2
theme_override_styles/panel = SubResource("StyleBoxFlat_uhwut")

[node name="VBoxContainer" type="VBoxContainer" parent="."]
anchors_preset = 8
anchor_left = 0.5
anchor_top = 0.5
anchor_right = 0.5
anchor_bottom = 0.5
grow_horizontal = 2
grow_vertical = 2

[node name="Title" type="Label" parent="VBoxContainer"]
layout_mode = 2
theme_override_font_sizes/font_size = 64
text = "Wireframe Survivors"

[node name="Content" type="Label" parent="VBoxContainer"]
layout_mode = 2
theme_override_font_sizes/font_size = 24
text = "WASD to move. Point and click to shoot."
horizontal_alignment = 1

[node name="StartButton" type="Button" parent="VBoxContainer"]
custom_minimum_size = Vector2(300, 50)
layout_mode = 2
size_flags_horizontal = 4
theme_override_font_sizes/font_size = 24
text = "Start"
script = ExtResource("2_0ah57")

[node name="SettingsButton" type="Button" parent="VBoxContainer"]
custom_minimum_size = Vector2(300, 50)
layout_mode = 2
size_flags_horizontal = 4
theme_override_font_sizes/font_size = 24
text = "Settings"
script = ExtResource("2_0ah57")

[node name="AttributionsButton" type="Button" parent="VBoxContainer"]
custom_minimum_size = Vector2(300, 50)
layout_mode = 2
size_flags_horizontal = 4
theme_override_font_sizes/font_size = 24
text = "Attributions"
script = ExtResource("2_0ah57")

[node name="QuitButton" type="Button" parent="VBoxContainer"]
custom_minimum_size = Vector2(300, 50)
layout_mode = 2
size_flags_horizontal = 4
theme_override_font_sizes/font_size = 24
text = "Quit"
script = ExtResource("2_0ah57")

[node name="Settings" parent="." instance=ExtResource("2_y6dgg")]
visible = false

[node name="Attributions" type="CanvasLayer" parent="."]
visible = false

[node name="Panel" type="Panel" parent="Attributions"]
anchors_preset = 15
anchor_right = 1.0
anchor_bottom = 1.0
grow_horizontal = 2
grow_vertical = 2
theme_override_styles/panel = SubResource("StyleBoxFlat_uhwut")

[node name="VBoxContainer" type="VBoxContainer" parent="Attributions"]
anchors_preset = 8
anchor_left = 0.5
anchor_top = 0.5
anchor_right = 0.5
anchor_bottom = 0.5
grow_horizontal = 2
grow_vertical = 2

[node name="Title" type="Label" parent="Attributions/VBoxContainer"]
layout_mode = 2
theme_override_font_sizes/font_size = 64
text = "Attributions"
horizontal_alignment = 1

[node name="Content" type="Label" parent="Attributions/VBoxContainer"]
layout_mode = 2
theme_override_font_sizes/font_size = 24
text = "Music by Abstraction - http://www.abstractionmusic.com
Some Sound Effects by Kronbits - https://kronbits.itch.io/freesfx
Some Sound Effects by Kenney - https://kenney.itch.io/kenney-game-assets-1"
horizontal_alignment = 1

[node name="BackButton" type="Button" parent="Attributions/VBoxContainer"]
custom_minimum_size = Vector2(300, 50)
layout_mode = 2
size_flags_horizontal = 4
theme_override_font_sizes/font_size = 24
text = "Back"
script = ExtResource("2_0ah57")

[node name="Music" type="AudioStreamPlayer" parent="."]
stream = ExtResource("3_i166s")
autoplay = true
bus = &"Music"

[connection signal="pressed" from="VBoxContainer/StartButton" to="." method="start_game"]
[connection signal="pressed" from="VBoxContainer/SettingsButton" to="Settings" method="show"]
[connection signal="pressed" from="VBoxContainer/AttributionsButton" to="Attributions" method="show"]
[connection signal="pressed" from="VBoxContainer/QuitButton" to="." method="quit"]
[connection signal="back_pressed" from="Settings" to="Settings" method="hide"]
[connection signal="pressed" from="Attributions/VBoxContainer/BackButton" to="Attributions" method="hide"]
