[gd_scene load_steps=8 format=3 uid="uid://dhbdvm88oas0a"]

[ext_resource type="Script" path="res://src/player/Player.gd" id="1_5j43x"]
[ext_resource type="Script" path="res://src/player/PlayerTurret.gd" id="2_twmny"]
[ext_resource type="PackedScene" uid="uid://uvtm0jt0wqja" path="res://src/player/Gun.tscn" id="3_b7cvk"]
[ext_resource type="AudioStream" uid="uid://bgjscqgo10de7" path="res://assets/audio/Retro Explosion Swoshes 04.wav" id="3_qhaho"]
[ext_resource type="Script" path="res://src/AudioStreamPlayerOneOff.gd" id="4_jg4pv"]

[sub_resource type="RectangleShape2D" id="RectangleShape2D_e112v"]
size = Vector2(16, 16)

[sub_resource type="RectangleShape2D" id="RectangleShape2D_6j3it"]
size = Vector2(12, 12)

[node name="Player" type="CharacterBody2D" node_paths=PackedStringArray("_gun_left_parent", "_gun_right_parent")]
collision_mask = 16
motion_mode = 1
script = ExtResource("1_5j43x")
_gun_left_parent = NodePath("PlayerTurret/GunAttachLeft")
_gun_right_parent = NodePath("PlayerTurret/GunAttachRight")

[node name="CollisionShape" type="CollisionShape2D" parent="."]
shape = SubResource("RectangleShape2D_e112v")

[node name="Skin" type="Polygon2D" parent="."]
color = Color(0, 0.592157, 0.592157, 1)
polygon = PackedVector2Array(-8, -8, 8, -8, 8, 8, -8, 8)
metadata/_edit_lock_ = true

[node name="Collector" type="Area2D" parent="."]
collision_layer = 0
collision_mask = 8
monitorable = false

[node name="CollisionShape2D" type="CollisionShape2D" parent="Collector"]
shape = SubResource("RectangleShape2D_6j3it")

[node name="PlayerTurret" type="Node2D" parent="."]
script = ExtResource("2_twmny")

[node name="GunAttachLeft" type="Marker2D" parent="PlayerTurret"]
position = Vector2(0, -5)

[node name="Gun" parent="PlayerTurret/GunAttachLeft" instance=ExtResource("3_b7cvk")]

[node name="GunAttachRight" type="Marker2D" parent="PlayerTurret"]
position = Vector2(0, 5)

[node name="Gun" parent="PlayerTurret/GunAttachRight" instance=ExtResource("3_b7cvk")]

[node name="DeathSound" type="AudioStreamPlayer" parent="."]
process_mode = 3
stream = ExtResource("3_qhaho")
bus = &"SFX"
script = ExtResource("4_jg4pv")
